@online{flex,
title = {Flex: The Fast Lexical Analyzer},
author = {Plaxson, Vern},
year = 2008,
url = {http://flex.sourceforge.net/}
}

@online{bison,
title = {Bison -- GNU Parser Generator},
author = {{Akim Demaille}, {Joel E. Denny}, {Paul Eggert}},
year = 2011,
url = {http://www.gnu.org/software/bison/}
}